%Paper 1 - Muhammad Ameer Rafiqi
@article{sadok2022artificial,
  title={Artificial intelligence and bank credit analysis: A review},
  author={Sadok, Hicham and Sakka, Fadi and El Maknouzi, Mohammed El Hadi},
  journal={Cogent Economics \& Finance},
  volume={10},
  number={1},
  pages={2023262},
  year={2022},
  publisher={Taylor \& Francis}
}

%Paper 2 - Marcus Chin Wei Hern
@article{TRIVEDI2020101413,
title = {A study on credit scoring modeling with different feature selection and machine learning approaches},
journal = {Technology in Society},
volume = {63},
pages = {101413},
year = {2020},
issn = {0160-791X},
doi = {https://doi.org/10.1016/j.techsoc.2020.101413},
url = {https://www.sciencedirect.com/science/article/pii/S0160791X17302324},
author = {Shrawan Kumar Trivedi}
}

%Paper 3 - Khan Shayan
@article{misheva2021explainable,
  title={Explainable AI in credit risk management},
  author={Misheva, Branka Hadji and Osterrieder, Joerg and Hirsa, Ali and Kulkarni, Onkar and Lin, Stephen Fung},
  journal={arXiv preprint arXiv:2103.00949},
  year={2021}
}

%Paper 4 - Chan Jun Kit
@article{demajo2020explainable,
  title={Explainable ai for interpretable credit scoring},
  author={Demajo, Lara Marie and Vella, Vince and Dingli, Alexiei},
  journal={arXiv preprint arXiv:2012.03749},
  year={2020}
}

%Paper 5 - Chan Jun Kit
@article{langenbucher2022responsible,
  title={Responsible AI Credit Scoring--A Lesson from Upstart. com},
  author={Langenbucher, Katja and Corcoran, Patrick},
  journal={Digital Finance in Europe: Law, Regulation, and Governance. De Gruyter},
  year={2022}
}